<record><leader>00000cas a22000007a 4500</leader><controlfield tag="001">13457987</controlfield><controlfield tag="008">860419d19091909nvuwr ne      0    0eng d</controlfield><datafield ind1=" " ind2=" " tag="010"><subfield code="a">sn 86091352 </subfield></datafield><datafield ind1=" " ind2=" " tag="040"><subfield code="a">UNP</subfield><subfield code="b">eng</subfield><subfield code="c">UNP</subfield><subfield code="d">NNX</subfield><subfield code="d">OCLCQ</subfield></datafield><datafield ind1=" " ind2=" " tag="042"><subfield code="a">msc</subfield></datafield><datafield ind1=" " ind2="4" tag="050"><subfield code="a">AN2.N3</subfield><subfield code="b">P56</subfield></datafield><datafield ind1="0" ind2="0" tag="245"><subfield code="a">Pioneer topics.</subfield></datafield><datafield ind1=" " ind2=" " tag="260"><subfield code="a">Pioneer, Nev. :</subfield><subfield code="b">Pioneer Pub. Co.,</subfield><subfield code="c">-1909.</subfield></datafield><datafield ind1=" " ind2=" " tag="300"><subfield code="a">v.</subfield></datafield><datafield ind1=" " ind2=" " tag="310"><subfield code="a">Weekly</subfield></datafield><datafield ind1="0" ind2=" " tag="362"><subfield code="a">-v. 1, no. 22 (July 24, 1909).</subfield></datafield><datafield ind1="1" ind2=" " tag="362"><subfield code="a">Began wth Feb. 17, 1909 issue.</subfield><subfield code="z">Cf. NIM, 1948-83.</subfield></datafield><datafield ind1=" " ind2=" " tag="588"><subfield code="a">Description based on: Vol. 1, no. 2 (Feb. 24, 1909).</subfield></datafield><datafield ind1=" " ind2=" " tag="752"><subfield code="a">United States</subfield><subfield code="b">Nevada</subfield><subfield code="c">Nye</subfield><subfield code="d">Pioneer.</subfield></datafield><datafield ind1="1" ind2=" " tag="029"><subfield code="a">AU@</subfield><subfield code="b">000023468270</subfield></datafield></record>